<?xml version="1.0" encoding="UTF-8"?>
<collection
  xmlns:xsi="http://www.w3.org/2001/XMLSchema-instance"
  xsi:schemaLocation="http://www.loc.gov/MARC21/slim http://www.loc.gov/standards/marcxml/schema/MARC21slim.xsd"
  xmlns="http://www.loc.gov/MARC21/slim">

<record>
  <leader>01509nam a2200409   4500</leader>
  <controlfield tag="001">ck8803543</controlfield>
  <controlfield tag="003">CZ PrNK</controlfield>
  <controlfield tag="005">20170717072811.0</controlfield>
  <controlfield tag="007">tu</controlfield>
  <controlfield tag="008">880729s1988    xr a   b      000 1 cze  </controlfield>
  <datafield tag="015" ind1=" " ind2=" ">
    <subfield code="a">cnb000038388</subfield>
  </datafield>
  <datafield tag="020" ind1=" " ind2=" ">
    <subfield code="q">(Brož.) :</subfield>
    <subfield code="c">35 Kčs</subfield>
  </datafield>
  <datafield tag="035" ind1=" " ind2=" ">
    <subfield code="a">(OCoLC)39430664</subfield>
  </datafield>
  <datafield tag="040" ind1=" " ind2=" ">
    <subfield code="a">ABA001</subfield>
    <subfield code="b">cze</subfield>
    <subfield code="d">ABA001</subfield>
  </datafield>
  <datafield tag="072" ind1=" " ind2="7">
    <subfield code="a">821-93</subfield>
    <subfield code="x">Literatura pro děti a mládež (beletrie)</subfield>
    <subfield code="2">Konspekt</subfield>
    <subfield code="9">26</subfield>
  </datafield>
  <datafield tag="080" ind1=" " ind2=" ">
    <subfield code="a">821-93</subfield>
    <subfield code="2">MRF</subfield>
  </datafield>
  <datafield tag="080" ind1=" " ind2=" ">
    <subfield code="a">821-312.5</subfield>
    <subfield code="2">MRF</subfield>
  </datafield>
  <datafield tag="080" ind1=" " ind2=" ">
    <subfield code="a">(084.1)</subfield>
    <subfield code="2">MRF</subfield>
  </datafield>
  <datafield tag="100" ind1="1" ind2=" ">
    <subfield code="a">Štíplová, Ljuba,</subfield>
    <subfield code="d">1930-2009</subfield>
    <subfield code="7">jk01131441</subfield>
    <subfield code="4">aut</subfield>
  </datafield>
  <datafield tag="245" ind1="1" ind2="0">
    <subfield code="a">Poklad kapitána Kida ;</subfield>
    <subfield code="b">Jak se chodí do pohádky : obrázkové pohádky pro děti /</subfield>
    <subfield code="c">naps. Ljuba Štíplová ; il. Jaroslav Němeček, Lucie Polívková</subfield>
  </datafield>
  <datafield tag="250" ind1=" " ind2=" ">
    <subfield code="a">1. vyd.</subfield>
  </datafield>
  <datafield tag="260" ind1=" " ind2=" ">
    <subfield code="a">Praha :</subfield>
    <subfield code="b">Panorama,</subfield>
    <subfield code="c">1988</subfield>
    <subfield code="f">(Svoboda)</subfield>
  </datafield>
  <datafield tag="300" ind1=" " ind2=" ">
    <subfield code="a">[160] s. :</subfield>
    <subfield code="b">barev. obr. ;</subfield>
    <subfield code="c">23 cm</subfield>
  </datafield>
  <datafield tag="490" ind1="1" ind2=" ">
    <subfield code="a">Čtyřlístek</subfield>
  </datafield>
  <datafield tag="500" ind1=" " ind2=" ">
    <subfield code="a">Pohádka Jak se chodí do pohádky tištěna zvratmo</subfield>
  </datafield>
  <datafield tag="500" ind1=" " ind2=" ">
    <subfield code="a">100000 výt.</subfield>
  </datafield>
  <datafield tag="655" ind1=" " ind2="7">
    <subfield code="a">komiksy</subfield>
    <subfield code="7">fd131978</subfield>
    <subfield code="2">czenas</subfield>
  </datafield>
  <datafield tag="655" ind1=" " ind2="7">
    <subfield code="a">publikace pro děti</subfield>
    <subfield code="7">fd133156</subfield>
    <subfield code="2">czenas</subfield>
  </datafield>
  <datafield tag="655" ind1=" " ind2="9">
    <subfield code="a">comics</subfield>
    <subfield code="2">eczenas</subfield>
  </datafield>
  <datafield tag="655" ind1=" " ind2="9">
    <subfield code="a">children's literature</subfield>
    <subfield code="2">eczenas</subfield>
  </datafield>
  <datafield tag="700" ind1="1" ind2=" ">
    <subfield code="a">Němeček, Jaroslav,</subfield>
    <subfield code="d">1944-</subfield>
    <subfield code="7">jk01083128</subfield>
    <subfield code="4">aut</subfield>
    <subfield code="4">ill</subfield>
  </datafield>
  <datafield tag="700" ind1="1" ind2=" ">
    <subfield code="a">Polívková, Lucie</subfield>
    <subfield code="7">xx0080266</subfield>
    <subfield code="4">aut</subfield>
    <subfield code="4">ill</subfield>
  </datafield>
  <datafield tag="740" ind1="0" ind2="2">
    <subfield code="a">Jak se chodí do pohádky</subfield>
  </datafield>
  <datafield tag="830" ind1=" " ind2="0">
    <subfield code="a">Čtyřlístek (Panorama)</subfield>
  </datafield>
  <datafield tag="856" ind1="4" ind2="1">
    <subfield code="u">http://krameriusndk.nkp.cz/search/handle/uuid:ec044d70-b2f7-11e6-a108-005056827e51</subfield>
    <subfield code="y">Digitalizovaný dokument</subfield>
  </datafield>
  <datafield tag="910" ind1=" " ind2=" ">
    <subfield code="a">ABA001</subfield>
  </datafield>
  <datafield tag="998" ind1=" " ind2=" ">
    <subfield code="a">000038388</subfield>
  </datafield>
</record>

</collection>